<?xml version="1.0" encoding="UTF-8"?><record xmlns="http://www.loc.gov/MARC21/slim" xmlns:cinclude="http://apache.org/cocoon/include/1.0" xmlns:zs="http://www.loc.gov/zing/srw/">
  <leader>00398nz  a2200145n  4500</leader>
  <controlfield tag="001">no2006055398</controlfield>
  <controlfield tag="003">DLC</controlfield>
  <controlfield tag="005">20060530051736.0</controlfield>
  <controlfield tag="008">060529n| acannaabn          |a aaa     c</controlfield>
  <datafield tag="010" ind1=" " ind2=" ">
    <subfield code="a">no2006055398</subfield>
  </datafield>
  <datafield tag="035" ind1=" " ind2=" ">
    <subfield code="a">(OCoLC)oca06954099</subfield>
  </datafield>
  <datafield tag="040" ind1=" " ind2=" ">
    <subfield code="a">MXMxUNAM</subfield>
    <subfield code="b">eng</subfield>
    <subfield code="c">MXMxUNAM</subfield>
  </datafield>
  <datafield tag="100" ind1="1" ind2=" ">
    <subfield code="a">Fitz Roy, Renate</subfield>
  </datafield>
  <datafield tag="400" ind1="1" ind2=" ">
    <subfield code="a">Roy, Renate Fitz</subfield>
  </datafield>
  <datafield tag="670" ind1=" " ind2=" ">
    <subfield code="a">Tissue engineering, 2005:</subfield>
    <subfield code="b">e-book verso t.p. (Renate Fitz Roy)</subfield>
  </datafield>
</record>